@Book{goran-optimal,
  title     = {Optimal Stopping and Free-Boundary Problems},
  publisher = {Birkhäuser},
  year      = {2006},
  author    = {Peskir, Goran and Shiryaev, Albert},
  series    = {Lectures in Mathematics. ETH Zürich},
  address   = {Basel, Switzerland},
}

@article{lyons2013introduction,
	title={Introduction to stochastic differential equations},
	author={Lyons, Simon MJ},
	journal={School of Informatics, University of Edinburgh, Scotland},
	volume={11},
	pages={20},
	year={2013},
	publisher={Citeseer}
}

@article{article,
author = {Jacka, Saul and J. R, Lynn},
year = {1992},
month = {05},
pages = {25-42},
title = {Finite-Horizon Optimal Stopping, Obstacle Problems and the Shape of the Continuation Region},
volume = {39},
journal = {Stochastics and Stochastics Reports},
}

@article{d2020discounted,
	title={Discounted Optimal Stopping of a Brownian Bridge, with Application to American Options under Pinning},
	author={D’Auria, Bernardo and Garc{\'\i}a-Portugu{\'e}s, Eduardo and Guada, Abel},
	journal={Mathematics},
	volume={8},
	number={7},
	pages={1159},
	year={2020}
}

@article{ikeda1977,
	author = "Ikeda, Nobuyuki and Watanabe, Shinzo",
	journal = "Osaka Journal of Mathematics",
	number = "3",
	pages = "619--633",
	title = "A comparison theorem for solutions of stochastic differential equations and its applications",
	volume = "14",
	year = "1977"
}

@book{krylov2008controlled,
  title={Controlled Diffusion Processes},
  author={Krylov, N.V. and Aries, A.B.},
  isbn={9783540709145},
  series={Stochastic Modelling and Applied Probability},
  year={2008},
  publisher={Springer Berlin Heidelberg}
}

@article{dynkin1963,
	author = {Dynkin, E. B.},
	journal = {Soviet Math. Dokl},
	posted-at = {2010-05-12 08:16:35},
	priority = {2},
	title = {{The optimum choice of the instant for stopping a Markov process}},
	volume = {4},
	year = {1963}
}

@book{oksendal2010stochastic,
	title={Stochastic Differential Equations: An Introduction with Applications},
	author={{\O}ksendal, B.},
	isbn={9783642143946},
	series={Universitext},
	year={2010},
	publisher={Springer Berlin Heidelberg}
}

@article{tiziano2018global,
	title={Global $C^1$ Regularity of the Value Function in Optimal Stopping Problems},
	author={De Angelis, Tiziano and Peskir, Goran},
	journal={arXiv preprint arXiv:1812.04564},
	year={2018}
}

@book{friedman1964partial,
	title={Partial differential equations of parabolic type},
	author={Friedman, A.},
	year={1964},
	publisher={Prentice-Hall}
}

@Book{financial-math,
	title     = {Methods of Mathematical Finance},
	publisher = {Springer-Verlag New York},
	year      = {1998},
	author    = {Karatzas, Ioannis and Shreve, Steven},
	series    = {Probability Theory and Stochastic Modelling}
}

@article{Jaillet1990,
	author = {Jaillet, Patrick and Lamberton, Damien and Lapeyre, Bernard},
	journal = {Acta Applicandae Mathematicae},
	number = {3},
	pages = {263--289},
	title = {{Variational inequalities and the pricing of American options}},
	volume = {21},
	year = {1990}
}

@InProceedings{GaussianBridges,
	author="Gasbarra, Dario
	and Sottinen, Tommi
	and Valkeila, Esko",
	title="Gaussian Bridges",
	booktitle="Stochastic Analysis and Applications",
	year="2007",
	publisher="Springer Berlin Heidelberg",
	address="Berlin, Heidelberg",
	pages="361--382"
}

@book{schilling2012brownian,
	title={Brownian Motion: An Introduction to Stochastic Processes},
	author={Schilling, R.L. and Partzsch, L. and B{\"o}ttcher, B.},
	isbn={9783110278989},
	year={2012},
	publisher={De Gruyter}
}

@article{Barczy2013Sample,
	author = {Mátyás Barczy and Peter Kern},
	journal = {Brazilian Journal of Probability and Statistics},
	number = {4},
	pages = {437--466},
	publisher = {[Brazilian Statistical Association, Institute of Mathematical Statistics]},
	title = {Sample path deviations of the Wiener and the Ornstein-Uhlenbeck process from its bridges},
	volume = {27},
	year = {2013}
}

@article{Peskir2019,
	author = {Peskir, Goran},
	journal = {Annals of Applied Probability},
	number = {1},
	pages = {505--530},
	title = {{Continuity of the optimal stopping boundary for two-dimensional diffusions}},
	volume = {29},
	year = {2019}
}

@misc{angelis2016dividend,
	title={The dividend problem with a finite horizon},
	author={Tiziano De Angelis and Erik Ekström},
	year={2016},
	eprint={1609.01655},
	archivePrefix={arXiv},
	primaryClass={math.PR}
}

@article{cox_embedding_2015,
	title = {Embedding laws in diffusions by functions of time},
	volume = {43},
	number = {5},
	journal = {The Annals of Probability},
	author = {Cox, A. M. G. and Peskir, G.},
	month = sep,
	year = {2015},
	pages = {2481--2510}
}

@article{stefan1891,
	author = {Stefan, J.},
	title = {Ueber die Theorie der Eisbildung, insbesondere über die Eisbildung im Polarmeere},
	journal = {Annalen der Physik},
	volume = {278},
	number = {2},
	pages = {269-286},
	year = {1891}
}

@article{grigelionis_stefans_1966,
	title = {On {Stefan}’s {Problem} and {Optimal} {Stopping} {Rules} for {Markov} {Processes}},
	volume = {11},
	number = {4},
	journal = {Theory of Probability \& Its Applications},
	author = {Grigelionis, B. I. and Shiryaev, A. N.},
	year = {1966},
	pages = {541--558}
}

@techreport{vuik_historical_1993,
	title = {Some historical notes about the {Stefan} problem},
	author = {Vuik, C.},
	year = {1993}
}

@article{oleinik_stefan-like_1993,
	title = {Stefan-like problems},
	volume = {28},
	number = {2},
	journal = {Meccanica},
	author = {Oleinik, O. A. and Primicerio, M. and Radkevich, E. V.},
	year = {1993},
	pages = {129--143}
}

@article{sarler_stefans_1995,
	title = {Stefan's work on solid-liquid phase changes},
	volume = {16},
	number = {2},
	journal = {Engineering Analysis with Boundary Elements},
	author = {Šarler, Božidar},
	year = {1995},
	pages = {83--92}
}

@phdthesis{jonsson_one_2013,
	title = {On the one dimensional {Stefan} problem},
	school = {UMEA Universitet},
	author = {Jonsson, Tobias},
	year = {2013}
}

@book{gupta_classical_2003,
	series = {Applied mathematics and mechanics},
	title = {The {Classical} {Stefan} {Problem}},
	volume = {45},
	publisher = {Elsevier Ltd},
	author = {Gupta, S.C.},
	year = {2003}
}

@phdthesis{font_beyond_2014,
	title = {Beyond the classical {Stefan} problem},
	school = {Universitat Politècnica de Catalunya},
	author = {Font, F.},
	month = jun,
	year = {2014}
}

@misc{ros-oton_generic_2020,
	address = {Universität Zürich},
	title = {Generic regularity of free boundaries for the obstacle problem},
	author = {Ros-Oton, Xavier},
	year = {2020}
}

@article{peskir2005ontheamerican,
	author  = {Peskir, Goran},
	title   = {On the {A}merican option problem},
	journal = {Math. Financ.},
	year    = {2005},
	volume  = {15},
	pages   = {169--181}
}

@book{revuz_continuous_1999,
	address = {Berlin Heidelberg},
	edition = {3},
	series = {Grundlehren der mathematischen {Wissenschaften}},
	title = {Continuous {Martingales} and {Brownian} {Motion}},
	publisher = {Springer-Verlag},
	author = {Revuz, Daniel and Yor, Marc},
	year = {1999},
}